@inproceedings{DBLP:conf/woa/DominiFAV24,
  author       = {Davide Domini and
                  Nicolas Farabegoli and
                  Gianluca Aguzzi and
                  Mirko Viroli},
  title        = {Towards Intelligent Pulverized Systems: a Modern Approach for Edge-Cloud
                  Services},
  booktitle    = {Proceedings of the 25th Workshop "From Objects to Agents", Bard (Aosta),
                  Italy, July 8-10, 2024},
  series       = {{CEUR} Workshop Proceedings},
  volume       = {3735},
  pages        = {233--251},
  publisher    = {CEUR-WS.org},
  year         = {2024},
  url          = {https://ceur-ws.org/Vol-3735/paper\_19.pdf},
  timestamp    = {Fri, 26 Jul 2024 22:35:03 +0200},
  biburl       = {https://dblp.org/rec/conf/woa/DominiFAV24.bib},
  bibsource    = {dblp computer science bibliography, https://dblp.org}
}